%% This BibTeX bibliography file was created using BibDesk.
%% http://bibdesk.sourceforge.net/


%% Created for Curtis Rau at 2016-03-21 21:41:03 -0400 


%% Saved with string encoding Unicode (UTF-8) 



@book{morten,
	Author = {Morten Hjorth-Jensen},
	Date-Added = {2016-03-22 01:37:31 +0000},
	Date-Modified = {2016-03-22 01:39:43 +0000},
	Month = {August},
	Title = {Computational Physics -- Lecture Notes Fall 2015},
	Year = {2015}}
